<record><leader>00000cas a22000007a 4500</leader><controlfield tag="001">12319639</controlfield><controlfield tag="008">850729d19231954inuwr ne      0    0eng d</controlfield><datafield ind1=" " ind2=" " tag="010"><subfield code="a">sn 85048006 </subfield></datafield><datafield ind1=" " ind2=" " tag="040"><subfield code="a">NPI</subfield><subfield code="b">eng</subfield><subfield code="c">NPI</subfield><subfield code="d">OCLCQ</subfield><subfield code="d">IUL</subfield><subfield code="d">OCLCF</subfield></datafield><datafield ind1="1" ind2=" " tag="029"><subfield code="a">AU@</subfield><subfield code="b">000025840157</subfield></datafield><datafield ind1=" " ind2=" " tag="042"><subfield code="a">msc</subfield></datafield><datafield ind1=" " ind2=" " tag="043"><subfield code="a">n-us-in</subfield></datafield><datafield ind1="0" ind2="4" tag="245"><subfield code="a">The Pekin banner.</subfield></datafield><datafield ind1=" " ind2=" " tag="260"><subfield code="a">Pekin, Ind. :</subfield><subfield code="b">Banner Publications</subfield></datafield><datafield ind1=" " ind2=" " tag="300"><subfield code="a">v. :</subfield><subfield code="b">ill. ;</subfield><subfield code="c">56 cm.</subfield></datafield><datafield ind1=" " ind2=" " tag="310"><subfield code="a">Weekly</subfield></datafield><datafield ind1="1" ind2=" " tag="362"><subfield code="a">Began in 1923</subfield><subfield code="z">Cf. Miller, John W. Indiana newspaper bibliog.</subfield></datafield><datafield ind1="0" ind2=" " tag="362"><subfield code="a">-v. 29, no. 53 (May 27, 1954).</subfield></datafield><datafield ind1=" " ind2=" " tag="500"><subfield code="a">Established by A.H. Weller Cf. Miller.</subfield></datafield><datafield ind1=" " ind2=" " tag="500"><subfield code="a">"Independent" Cf. Miller.</subfield></datafield><datafield ind1=" " ind2=" " tag="588"><subfield code="a">Description based on: Vol. 1, no. 14 (Mar. 20, 1924).</subfield></datafield><datafield ind1=" " ind2="0" tag="651"><subfield code="a">Pekin (Ind.)</subfield><subfield code="v">Newspapers.</subfield></datafield><datafield ind1=" " ind2="0" tag="651"><subfield code="a">Washington County (Ind.)</subfield><subfield code="v">Newspapers.</subfield></datafield><datafield ind1=" " ind2="7" tag="651"><subfield code="a">Indiana</subfield><subfield code="z">Pekin.</subfield><subfield code="2">fast</subfield><subfield code="0">(OCoLC)fst01285891</subfield></datafield><datafield ind1=" " ind2="7" tag="651"><subfield code="a">Indiana</subfield><subfield code="z">Washington County.</subfield><subfield code="2">fast</subfield><subfield code="0">(OCoLC)fst01217010</subfield></datafield><datafield ind1=" " ind2="7" tag="655"><subfield code="a">Newspapers.</subfield><subfield code="2">fast</subfield><subfield code="0">(OCoLC)fst01423814</subfield></datafield><datafield ind1=" " ind2=" " tag="752"><subfield code="a">United States</subfield><subfield code="b">Indiana</subfield><subfield code="c">Washington</subfield><subfield code="d">Pekin.</subfield></datafield><datafield ind1="0" ind2="7" tag="785"><subfield code="t">Palmyra gazette</subfield><subfield code="w">(DLC)sn 85048007</subfield><subfield code="w">(OCoLC)12560152</subfield></datafield><datafield ind1="0" ind2="7" tag="785"><subfield code="t">Banner-gazette</subfield><subfield code="x">0194-3545</subfield><subfield code="w">(DLC)sn 79008621</subfield><subfield code="w">(OCoLC)5423029</subfield></datafield></record>